%% This BibTeX bibliography file was created using BibDesk.
%% http://bibdesk.sourceforge.net/


%% Created for Peter Sommerlad at 2019-01-22 19:59:11 +0100 


%% Saved with string encoding Unicode (UTF-8) 



@book{meyers2005,
	Author = {Meyers, Scott},
	Date-Added = {2019-01-22 19:58:58 +0100},
	Date-Modified = {2019-01-22 19:59:11 +0100},
	Publisher = {Pearson Education},
	Title = {Effective C++: 55 specific ways to improve your programs and designs},
	Year = {2005}}

@electronic{ACCU2014,
	Author = {Howard Hinnant},
	Date-Added = {2019-01-22 19:51:23 +0100},
	Date-Modified = {2019-01-22 19:53:44 +0100},
	Title = {Everything You Ever Wanted To Know About Move Semantics (and then some)},
	Url = {http://accu.org/content/conf2014/Howard_Hinnant_Accu_2014.pdf}}

@webpage{RoZero,
	Author = {Stroustrup, Bjarne and Sutter, Herb},
	Date-Added = {2019-01-22 19:49:29 +0100},
	Date-Modified = {2019-01-22 19:50:23 +0100},
	Lastchecked = {2019-01-22},
	Month = {12},
	Title = {C++ core guidelines: C.20 Rule of Zero},
	Url = {https://isocpp.github.io/CppCoreGuidelines/CppCoreGuidelines#Rc-zero},
	Year = {2018},
	Bdsk-Url-1 = {https://isocpp.github.io/CppCoreGuidelines/CppCoreGuidelines}}

@book{misra,
	Author = {Motor Industry Software Reliability Association and others},
	Date-Added = {2019-01-22 19:46:43 +0100},
	Date-Modified = {2019-01-22 19:47:00 +0100},
	Publisher = {MIRA},
	Title = {MISRA C++: 2008: guidelines for the use of the C++ language in critical systems},
	Year = {2008}}

@webpage{CppCGL,
	Author = {Stroustrup, Bjarne and Sutter, Herb},
	Date-Added = {2019-01-22 19:43:35 +0100},
	Date-Modified = {2019-01-22 19:45:58 +0100},
	Lastchecked = {2019-01-22},
	Month = {12},
	Title = {C++ core guidelines},
	Url = {https://isocpp.github.io/CppCoreGuidelines/CppCoreGuidelines},
	Year = {2018}}

@book{GoF,
	Author = {Gamma, Erich and Johnson, Ralph and Helm, Richard and Vlissides, John},
	Date-Added = {2019-01-22 19:41:26 +0100},
	Date-Modified = {2019-01-22 19:42:23 +0100},
	Pages = {32},
	Publisher = {Addison-Wesley},
	Title = {Design patterns: Elements of reusable object-oriented software},
	Year = {1995}}
