%% This BibTeX bibliography file was created using BibDesk.
%% http://bibdesk.sourceforge.net/


%% Created for Peter Sommerlad at 2019-01-28 10:49:19 +0100 


%% Saved with string encoding Unicode (UTF-8) 



@book{isocpp,
	Acknowledgement = ack-nhfb,
	Address = pub-ISO:adr,
	Author = {{ISO}},
	Bibdate = {Wed Feb 21 06:49:12 2018},
	Bibsource = {http://www.math.utah.edu/pub/tex/bib/isostd.bib},
	Edition = {Fifth},
	Isbn = {????},
	Isbn-13 = {????},
	Lccn = {????},
	Month = dec,
	Pages = {1605},
	Publisher = pub-ISO,
	Remark = {Revises ISO/IEC 14882:2014.},
	Title = {{ISO\slash IEC 14882:2017 Information technology --- Programming languages --- C++}},
	Url = {https://www.iso.org/standard/68564.html},
	Year = {2017},
	Bdsk-Url-1 = {https://www.iso.org/standard/68564.html}}

@inproceedings{repara2016a,
	Author = {Brugnoni, Silvano and Corbat, Thomas and Sommerlad, Peter and Suter, Toni and Korinth, Jens and de la Chevallerie, David and Koch, Andreas},
	Booktitle = {FSP 2016; Third International Workshop on FPGAs for Software Programmers; Proceedings of},
	Date-Added = {2019-01-25 14:27:44 +0100},
	Date-Modified = {2019-01-25 14:47:20 +0100},
	Organization = {VDE},
	Pages = {1--11},
	Title = {Automated Generation of Reconfigurable Systems-on-Chip by Interactive Code Transformations for High-Level Synthesis},
	Year = {2016}}

@webpage{cevelop,
	Date-Added = {2019-01-24 17:13:35 +0100},
	Date-Modified = {2019-01-24 17:14:33 +0100},
	Keywords = {Eclipse CDT, integrated development environment, C++, static code analysis, refactoring},
	Lastchecked = {2019-01-22},
	Month = {01},
	Url = {https://cevelop.com},
	Year = {2019},
	Bdsk-Url-1 = {https://cevelop.com}}

@article{Sommerlad2008,
	Author = {Sommerlad, Peter and Zgraggen, Guido and Corbat, Thomas and Felber, Lukas},
	Date-Added = {2019-01-24 16:58:46 +0100},
	Date-Modified = {2019-01-28 10:49:19 +0100},
	Doi = {10.1145/1449814.1449817},
	Isbn = {9781605582207},
	Journal = {Companion to the 23rd ACM SIGPLAN conference on Object oriented programming systems languages and applications - OOPSLA Companion '08},
	Publisher = {ACM Press},
	Title = {Retaining comments when refactoring code},
	Url = {http://dx.doi.org/10.1145/1449814.1449817},
	Year = {2008},
	Bdsk-Url-1 = {http://dx.doi.org/10.1145/1449814.1449817}}

@misc{SYCL_121r3_Specification,
	Abstract = {SYCL TM Specification SYCL integrates OpenCL devices with modern C++},
	Author = {Keryell, Ronan and Rovatsou, Maria and Howes, Lee},
	Date-Added = {2019-01-24 16:52:17 +0100},
	Date-Modified = {2019-01-24 16:52:17 +0100},
	File = {:home/tstauber/Documents/Mendeley Desktop/Keryell, Rovatsou, Howes - 2017 - SYCL Specification.pdf:pdf},
	Mendeley-Tags = {C++,Khronos,OpenCL,SYCL,Specification},
	Pages = {262},
	Publisher = {Khronos OpenCL Working Group --- SYCL subgroup},
	Title = {{SYCL Specification}},
	Url = {https://www.khronos.org/registry/SYCL/specs/sycl-1.2.1.pdf},
	Year = {2017},
	Bdsk-Url-1 = {https://www.khronos.org/registry/SYCL/specs/sycl-1.2.1.pdf}}

@misc{SYCL1.2APIRefGuide,
	Abstract = {SYCL is a C++ programming model for OpenCL which builds on the underlying concepts, portability, and efficiency of OpenCL while adding much of the ease of use and flexibility of C++.},
	Date-Added = {2019-01-24 16:52:17 +0100},
	Date-Modified = {2019-01-24 16:52:17 +0100},
	File = {:home/tstauber/Documents/Mendeley Desktop/Unknown - 2015 - SYCL 1.2. API Reference Guide.pdf:pdf},
	Institution = {Khronos Group},
	Mendeley-Tags = {Khronos,Parallel,SYCL},
	Pages = {8},
	Title = {{SYCL 1.2. API Reference Guide}},
	Url = {https://www.khronos.org/files/sycl/sycl-12-reference-card.pdf},
	Year = {2015},
	Bdsk-Url-1 = {https://www.khronos.org/files/sycl/sycl-12-reference-card.pdf}}

@book{Sanders:2010:CEI:1891996,
	Author = {Sanders, Jason and Kandrot, Edward},
	Date-Added = {2019-01-24 16:52:17 +0100},
	Date-Modified = {2019-01-24 16:52:17 +0100},
	Edition = {1st},
	Isbn = {9780131387683},
	Publisher = {Addison-Wesley Professional},
	Title = {{CUDA by Example: An Introduction to General-Purpose GPU Programming}},
	Year = {2010}}

@misc{SoftwareMngtVPtr,
	Date-Added = {2019-01-24 16:52:17 +0100},
	Date-Modified = {2019-01-24 16:52:17 +0100},
	Title = {{Software Managed Virtual Pointer}},
	Url = {https://github.com/codeplaysoftware/computecpp-sdk/tree/master/include/vptr},
	Urldate = {2018-07-03},
	Year = {2018},
	Bdsk-Url-1 = {https://github.com/codeplaysoftware/computecpp-sdk/tree/master/include/vptr}}

@misc{CUDA-DOC-UVA,
	Date-Added = {2019-01-24 16:52:17 +0100},
	Date-Modified = {2019-01-24 16:52:17 +0100},
	Title = {{CUDA Doc UVA}},
	Url = {https://docs.nvidia.com/cuda/cuda-c-programming-guide/index.html#unified-virtual-address-space},
	Year = {2018},
	Bdsk-Url-1 = {https://docs.nvidia.com/cuda/cuda-c-programming-guide/index.html#unified-virtual-address-space}}

@misc{StauberCTSExample12018,
	Author = {Stauber, Tobias},
	Date-Added = {2019-01-24 16:52:17 +0100},
	Date-Modified = {2019-01-24 16:52:17 +0100},
	Title = {{C2S Example 1}},
	Url = {https://gitlab.dev.ifs.hsr.ch/pa2-fs18-tstauber/Cuda2Sycle-Test-Projects/tree/master/ch.stautob.cuda2sycl.example1cuda},
	Year = {2018},
	Bdsk-Url-1 = {https://gitlab.dev.ifs.hsr.ch/pa2-fs18-tstauber/Cuda2Sycle-Test-Projects/tree/master/ch.stautob.cuda2sycl.example1cuda}}

@misc{CUDACProgGuide,
	Date-Added = {2019-01-24 16:52:17 +0100},
	Date-Modified = {2019-01-24 16:52:17 +0100},
	Mendeley-Tags = {CUDAS},
	Title = {{CUDA C Programming Guide}},
	Url = {https://docs.nvidia.com/cuda/cuda-c-programming-guide/index.html},
	Urldate = {2018-09-04},
	Year = {2018},
	Bdsk-Url-1 = {https://docs.nvidia.com/cuda/cuda-c-programming-guide/index.html}}

@misc{IntroductionToSYCL,
	Author = {Brown, Gordon},
	Date-Added = {2019-01-24 16:52:17 +0100},
	Date-Modified = {2019-01-24 16:52:17 +0100},
	Title = {{Codeplay - Introduction To SYCL}},
	Url = {https://codeplay.com/portal/introduction-to-sycl},
	Urldate = {2018-06-01},
	Year = {2018},
	Bdsk-Url-1 = {https://codeplay.com/portal/introduction-to-sycl}}

@misc{CodeplayDevPage,
	Date-Added = {2019-01-24 16:52:17 +0100},
	Date-Modified = {2019-01-24 16:52:17 +0100},
	Mendeley-Tags = {Codeplay,GPU,Parallel,SYCL},
	Title = {{Codeplay - Developer}},
	Url = {https://developer.codeplay.com/computecppce/latest/overview},
	Urldate = {2018-07-03},
	Year = {2018},
	Bdsk-Url-1 = {https://developer.codeplay.com/computecppce/latest/overview}}

@misc{Wiki-GPU,
	Date-Added = {2019-01-24 16:52:17 +0100},
	Date-Modified = {2019-01-24 16:52:17 +0100},
	Mendeley-Tags = {GPU},
	Title = {{Graphics Processing Unit - Wikipedia}},
	Url = {https://en.wikipedia.org/wiki/Graphics_processing_unit},
	Urldate = {2018-07-03},
	Year = {2018},
	Bdsk-Url-1 = {https://en.wikipedia.org/wiki/Graphics_processing_unit}}

@misc{Wiki-AVE,
	Date-Added = {2019-01-24 16:52:17 +0100},
	Date-Modified = {2019-01-24 16:52:17 +0100},
	Mendeley-Tags = {AVE,CPU,Parallel},
	Title = {{Advanced Vector Extensions -- Wikipedia}},
	Url = {https://de.wikipedia.org/wiki/Advanced_Vector_Extensions},
	Urldate = {2018-07-03},
	Year = {2018},
	Bdsk-Url-1 = {https://de.wikipedia.org/wiki/Advanced_Vector_Extensions}}

@misc{CUDA-DOC-UMA,
	Date-Added = {2019-01-24 16:52:17 +0100},
	Date-Modified = {2019-01-24 16:52:17 +0100},
	Title = {{CUDA Doc UMA}},
	Url = {https://docs.nvidia.com/cuda/cuda-c-programming-guide/index.html#um-unified-memory-programming-hd},
	Year = {2018},
	Bdsk-Url-1 = {https://docs.nvidia.com/cuda/cuda-c-programming-guide/index.html#um-unified-memory-programming-hd}}

@book{Pharr:2005:GGP:1062395,
	Author = {{Pharr, Matt and Fernando}, Randima},
	Date-Added = {2019-01-24 16:52:17 +0100},
	Date-Modified = {2019-01-24 16:52:17 +0100},
	Isbn = {0321335597},
	Publisher = {Addison-Wesley Professional},
	Title = {{GPU Gems 2: Programming Techniques for High-Performance Graphics and General-Purpose Computation (Gpu Gems)}},
	Year = {2005}}

@misc{StauberCTSExample32018,
	Author = {Stauber, Tobias},
	Date-Added = {2019-01-24 16:52:17 +0100},
	Date-Modified = {2019-01-24 16:52:17 +0100},
	Title = {{C2S Example 3}},
	Url = {https://gitlab.dev.ifs.hsr.ch/pa2-fs18-tstauber/Cuda2Sycle-Test-Projects/tree/master/ch.stautob.cuda2sycl.example3cuda},
	Year = {2018},
	Bdsk-Url-1 = {https://gitlab.dev.ifs.hsr.ch/pa2-fs18-tstauber/Cuda2Sycle-Test-Projects/tree/master/ch.stautob.cuda2sycl.example3cuda}}

@misc{ComputeCpp_Developer,
	Date-Added = {2019-01-24 16:52:17 +0100},
	Date-Modified = {2019-01-24 16:52:17 +0100},
	Title = {{compute++ Developer}},
	Url = {https://developer.codeplay.com/computecppce/latest/computepp-compiler},
	Urldate = {2018-09-11},
	Year = {2018},
	Bdsk-Url-1 = {https://developer.codeplay.com/computecppce/latest/computepp-compiler}}

@misc{Wiki-FPGA,
	Date-Added = {2019-01-24 16:52:17 +0100},
	Date-Modified = {2019-01-24 16:52:17 +0100},
	Mendeley-Tags = {FPGA},
	Title = {{FPGA - Wikipedia}},
	Url = {https://en.wikipedia.org/wiki/Field-programmable_gate_array},
	Urldate = {2018-07-03},
	Year = {2018},
	Bdsk-Url-1 = {https://en.wikipedia.org/wiki/Field-programmable_gate_array}}

@misc{CUDAEasierIntroduction,
	Date-Added = {2019-01-24 16:52:17 +0100},
	Date-Modified = {2019-01-24 16:52:17 +0100},
	Mendeley-Tags = {CUDA,GPU,Parallel},
	Title = {{An Even Easier Introduction to CUDA | NVIDIA Developer Blog}},
	Url = {https://devblogs.nvidia.com/even-easier-introduction-cuda/},
	Urldate = {2018-07-03},
	Year = {2018},
	Bdsk-Url-1 = {https://devblogs.nvidia.com/even-easier-introduction-cuda/}}

@book{WiltNicholas2013TCh:,
	Author = {Wilt, Nicholas},
	Date-Added = {2019-01-24 16:52:17 +0100},
	Date-Modified = {2019-01-24 16:52:17 +0100},
	Isbn = {978-0-321-80946-9},
	Publisher = {Addison-Wesley},
	Title = {{The CUDA handbook : a comprehensive guide to GPU programming}},
	Year = {2013}}

@misc{MAN_GCC,
	Date-Added = {2019-01-24 16:52:17 +0100},
	Date-Modified = {2019-01-24 16:52:17 +0100},
	Title = {man gcc},
	Year = {2018}}

@misc{CUDASharedMemory,
	Date-Added = {2019-01-24 16:52:17 +0100},
	Date-Modified = {2019-01-24 16:52:17 +0100},
	Mendeley-Tags = {CUDA,GPU,Parallel},
	Title = {{Using Shared Memory in CUDA C/C++}},
	Url = {https://devblogs.nvidia.com/using-shared-memory-cuda-cc/},
	Urldate = {2018-07-03},
	Year = {2018},
	Bdsk-Url-1 = {https://devblogs.nvidia.com/using-shared-memory-cuda-cc/}}

@article{Graf2007,
	Author = {Graf, Emanuel and Zgraggen, Guido and Sommerlad, Peter},
	Date-Added = {2019-01-24 16:51:43 +0100},
	Date-Modified = {2019-01-28 10:49:09 +0100},
	Doi = {10.1145/1297846.1297885},
	Isbn = {9781595938657},
	Journal = {Companion to the 22nd ACM SIGPLAN conference on Object oriented programming systems and applications companion - OOPSLA '07},
	Publisher = {ACM Press},
	Title = {Refactoring support for the C++ development tooling},
	Url = {http://dx.doi.org/10.1145/1297846.1297885},
	Year = {2007},
	Bdsk-Url-1 = {http://dx.doi.org/10.1145/1297846.1297885}}

@inproceedings{repara2016,
	Author = {G. Gyimesi and D. B{\'a}n and I. Siket and R. Ferenc and S. Brugnoni and T. Corbat and P. Sommerlad and T. Suter},
	Booktitle = {2016 Intl IEEE Conferences on Ubiquitous Intelligence Computing, Advanced and Trusted Computing, Scalable Computing and Communications, Cloud and Big Data Computing, Internet of People, and Smart World Congress (UIC/ATC/ScalCom/CBDCom/IoP/SmartWorld)},
	Date-Modified = {2019-01-25 14:46:13 +0100},
	Doi = {10.1109/UIC-ATC-ScalCom-CBDCom-IoP-SmartWorld.2016.0180},
	Keywords = {C++ language;field programmable gate arrays;microprocessor chips;software engineering;source code (software);CPU based architectures;DSP;FPGA;C-C++ Source Code;re-engineering step;heterogeneous parallel platforms;automatic code transformations;C++ languages;Digital signal processing;Graphics processing units;Kernel;Field programmable gate arrays;Computer architecture;Standards;C/C++;static analysis;code transformation;heterogeneous hardware;Eclipse CDT;Cevelop;REPARA},
	Month = {July},
	Pages = {1173-1180},
	Title = {Enforcing Techniques and Transformation of C/C++ Source Code to Heterogeneous Hardware},
	Year = {2016},
	Bdsk-Url-1 = {https://doi.org/10.1109/UIC-ATC-ScalCom-CBDCom-IoP-SmartWorld.2016.0180}}
